@article{owid,
    author = {Hannah Ritchie and Max Roser},
    title = {CO2 emissions},
    journal = {Our World in Data},
    year = {2020}
}