@article{owid,
    author = {Hannah Ritchie and Max Roser},
    title = {COâ‚‚ emissions},
    journal = {Our World in Data},
    year = {2020}
}

@article{knuth:1984,
  title={Literate Programming},
  author={Donald E. Knuth},
  journal={The Computer Journal},
  volume={27},
  number={2},
  pages={97--111},
  year={1984},
  publisher={Oxford University Press}
}